<collection xmlns="http://www.loc.gov/MARC21/slim">
<record>
  <leader>01010ccm a2200289   4500</leader>
  <controlfield tag="001">a1</controlfield>
  <controlfield tag="003">SIRSI</controlfield>
  <controlfield tag="005">20211009050004.0</controlfield>
  <controlfield tag="008">790321s1967    nyusyz         n  | zxx d</controlfield>
  <datafield tag="010" ind1=" " ind2=" ">
    <subfield code="a">   70207870</subfield>
  </datafield>
  <datafield tag="035" ind1=" " ind2=" ">
    <subfield code="a">(OCoLC-M)272290</subfield>
  </datafield>
  <datafield tag="035" ind1=" " ind2=" ">
    <subfield code="a">(OCoLC-I)268803709</subfield>
  </datafield>
  <datafield tag="040" ind1=" " ind2=" ">
    <subfield code="c">CSt</subfield>
    <subfield code="d">CSt</subfield>
    <subfield code="d">OrLoB</subfield>
    <subfield code="d">CSt</subfield>
  </datafield>
  <datafield tag="048" ind1=" " ind2=" ">
    <subfield code="a">oa</subfield>
  </datafield>
  <datafield tag="100" ind1="1" ind2=" ">
    <subfield code="a">Schumann, Robert,</subfield>
    <subfield code="d">1810-1856.</subfield>
    <subfield code="=">^A378117</subfield>
  </datafield>
  <datafield tag="240" ind1="1" ind2="0">
    <subfield code="a">Symphonies,</subfield>
    <subfield code="n">no. 1, op. 38,</subfield>
    <subfield code="r">B♭ major</subfield>
    <subfield code="=">^A378117</subfield>
  </datafield>
  <datafield tag="245" ind1="0" ind2="0">
    <subfield code="a">Symphony, op. 38</subfield>
  </datafield>
  <datafield tag="260" ind1=" " ind2=" ">
    <subfield code="a">[New York,</subfield>
    <subfield code="b">Robert Owen Lehman Foundation,</subfield>
    <subfield code="c">1967]</subfield>
  </datafield>
  <datafield tag="300" ind1=" " ind2=" ">
    <subfield code="a">score (xxvi, 196 p.)</subfield>
    <subfield code="c">32 cm.</subfield>
  </datafield>
  <datafield tag="500" ind1=" " ind2=" ">
    <subfield code="a">Facsim. of holograph in the Library of Congress.</subfield>
  </datafield>
  <datafield tag="596" ind1=" " ind2=" ">
    <subfield code="a">31</subfield>
  </datafield>
  <datafield tag="600" ind1="1" ind2="0">
    <subfield code="a">Schumann, Robert,</subfield>
    <subfield code="d">1810-1856</subfield>
    <subfield code="v">Manuscripts</subfield>
    <subfield code="v">Facsimiles.</subfield>
    <subfield code="=">^A437</subfield>
  </datafield>
  <datafield tag="650" ind1=" " ind2="0">
    <subfield code="a">Symphonies</subfield>
    <subfield code="v">Scores.</subfield>
    <subfield code="=">^A1066583</subfield>
  </datafield>
  <datafield tag="916" ind1=" " ind2=" ">
    <subfield code="a">DATE CATALOGED</subfield>
    <subfield code="b">19921209</subfield>
  </datafield>
  <datafield tag="999" ind1=" " ind2=" ">
    <subfield code="a">ML96.5 .S392 NO.1</subfield>
    <subfield code="w">LC</subfield>
    <subfield code="c">1</subfield>
    <subfield code="i">36105041839973</subfield>
    <subfield code="d">12/20/2016</subfield>
    <subfield code="l">STACKS</subfield>
    <subfield code="m">SAL3</subfield>
    <subfield code="r">Y</subfield>
    <subfield code="s">Y</subfield>
    <subfield code="t">SCORE</subfield>
    <subfield code="u">3/21/1979</subfield>
  </datafield>
  <datafield tag="900" ind1=" " ind2=" ">
    <subfield code="5">POD</subfield>
    <subfield code="b">CSt</subfield>
  </datafield>
  <datafield tag="998" ind1=" " ind2=" ">
    <subfield code="5">POD</subfield>
    <subfield code="8">999.0\p</subfield>
    <subfield code="a">ML96.5 .S392 NO.1</subfield>
    <subfield code="i">36105041839973</subfield>
    <subfield code="m">SAL3</subfield>
  </datafield>
</record>