
<record>
  <leader>01497ccm a2200349   4500</leader>
  <controlfield tag="001">a2</controlfield>
  <controlfield tag="003">SIRSI</controlfield>
  <controlfield tag="005">20211009050004.0</controlfield>
  <controlfield tag="008">790321|||||||||enk           ||| | eng  </controlfield>
  <datafield tag="010" ind1=" " ind2=" ">
    <subfield code="a">m  59000416</subfield>
  </datafield>
  <datafield tag="035" ind1=" " ind2=" ">
    <subfield code="a">(OCoLC-M)413408</subfield>
  </datafield>
  <datafield tag="035" ind1=" " ind2=" ">
    <subfield code="a">(OCoLC-I)268816922</subfield>
  </datafield>
  <datafield tag="040" ind1=" " ind2=" ">
    <subfield code="c">CSt</subfield>
    <subfield code="d">CSt</subfield>
    <subfield code="d">OrLoB</subfield>
  </datafield>
  <datafield tag="100" ind1="1" ind2=" ">
    <subfield code="a">Boulez, Pierre,</subfield>
    <subfield code="d">1925-2016.</subfield>
    <subfield code="?">UNAUTHORIZED</subfield>
  </datafield>
  <datafield tag="240" ind1="1" ind2="0">
    <subfield code="a">Pli selon pli.</subfield>
    <subfield code="p">Improvisation sur Mallarmé,</subfield>
    <subfield code="n">no. 2</subfield>
    <subfield code="?">UNAUTHORIZED</subfield>
  </datafield>
  <datafield tag="245" ind1="1" ind2="0">
    <subfield code="a">Improvisation sur Mallarme: Une dentelle s&apos;abolit.</subfield>
    <subfield code="b">Pour soprano et 9 instrumentistes.</subfield>
  </datafield>
  <datafield tag="260" ind1=" " ind2=" ">
    <subfield code="a">London, Universal Edition</subfield>
    <subfield code="c">[1958]</subfield>
  </datafield>
  <datafield tag="300" ind1=" " ind2=" ">
    <subfield code="a">score (64 p.)</subfield>
    <subfield code="c">25 cm.</subfield>
  </datafield>
  <datafield tag="490" ind1="0" ind2=" ">
    <subfield code="a">Universal Edition, Nr. 12857</subfield>
  </datafield>
  <datafield tag="500" ind1=" " ind2=" ">
    <subfield code="a">For soprano, harp, bells, vibraphone, piano, celesta and percussion (4 players)</subfield>
  </datafield>
  <datafield tag="596" ind1=" " ind2=" ">
    <subfield code="a">18 31</subfield>
  </datafield>
  <datafield tag="650" ind1=" " ind2="0">
    <subfield code="a">Songs (High voice) with instrumental ensemble.</subfield>
    <subfield code="=">^A1062841</subfield>
  </datafield>
  <datafield tag="700" ind1="1" ind2=" ">
    <subfield code="a">Mallarmé, Stéphane,</subfield>
    <subfield code="d">1842-1898.</subfield>
    <subfield code="=">^A100473</subfield>
  </datafield>
  <datafield tag="740" ind1="4" ind2=" ">
    <subfield code="a">Une dentelle s&apos;abolit.</subfield>
  </datafield>
  <datafield tag="740" ind1="0" ind2=" ">
    <subfield code="a">Improvisation sur Mallarme, no. 2.</subfield>
  </datafield>
  <datafield tag="916" ind1=" " ind2=" ">
    <subfield code="a">DATE CATALOGED</subfield>
    <subfield code="b">19930201</subfield>
  </datafield>
  <datafield tag="919" ind1=" " ind2=" ">
    <subfield code="a">exclude from BorrowDirect</subfield>
    <subfield code="b">HathiTrust ETAS</subfield>
  </datafield>
  <datafield tag="999" ind1=" " ind2=" ">
    <subfield code="a">M1613.3 .B76 I32</subfield>
    <subfield code="w">LC</subfield>
    <subfield code="c">1</subfield>
    <subfield code="i">36105041839981</subfield>
    <subfield code="d">4/26/2016</subfield>
    <subfield code="e">1/28/2016</subfield>
    <subfield code="l">SCORES</subfield>
    <subfield code="m">MUSIC</subfield>
    <subfield code="n">7</subfield>
    <subfield code="q">2</subfield>
    <subfield code="r">Y</subfield>
    <subfield code="s">Y</subfield>
    <subfield code="t">SCORE</subfield>
    <subfield code="u">3/21/1979</subfield>
  </datafield>
  <datafield tag="999" ind1=" " ind2=" ">
    <subfield code="a">M1613.3 .B76 I32</subfield>
    <subfield code="w">LC</subfield>
    <subfield code="c">3</subfield>
    <subfield code="i">36105041840005</subfield>
    <subfield code="d">5/17/2012</subfield>
    <subfield code="e">11/29/2011</subfield>
    <subfield code="l">STACKS</subfield>
    <subfield code="m">SAL3</subfield>
    <subfield code="n">10</subfield>
    <subfield code="q">2</subfield>
    <subfield code="r">Y</subfield>
    <subfield code="s">Y</subfield>
    <subfield code="t">SCORE</subfield>
    <subfield code="u">3/21/1979</subfield>
  </datafield>
  <datafield tag="900" ind1=" " ind2=" ">
    <subfield code="5">POD</subfield>
    <subfield code="b">CSt</subfield>
  </datafield>
  <datafield tag="998" ind1=" " ind2=" ">
    <subfield code="5">POD</subfield>
    <subfield code="8">999.0\p</subfield>
    <subfield code="a">M1613.3 .B76 I32</subfield>
    <subfield code="i">36105041839981</subfield>
    <subfield code="m">MUSIC</subfield>
  </datafield>
  <datafield tag="998" ind1=" " ind2=" ">
    <subfield code="5">POD</subfield>
    <subfield code="8">999.1\p</subfield>
    <subfield code="a">M1613.3 .B76 I32</subfield>
    <subfield code="i">36105041840005</subfield>
    <subfield code="m">SAL3</subfield>
  </datafield>
</record>