
<record>
  <leader>01533cjm a2200385   4500</leader>
  <controlfield tag="001">a3</controlfield>
  <controlfield tag="003">SIRSI</controlfield>
  <controlfield tag="005">20211009050004.0</controlfield>
  <controlfield tag="007">sd|bsmennmplne</controlfield>
  <controlfield tag="008">741105s1969    nyuopn   d        | ita  </controlfield>
  <datafield tag="010" ind1=" " ind2=" ">
    <subfield code="a">   77750270</subfield>
  </datafield>
  <datafield tag="028" ind1="0" ind2="2">
    <subfield code="a">VIC 6027</subfield>
    <subfield code="b">RCA Victor</subfield>
  </datafield>
  <datafield tag="035" ind1=" " ind2=" ">
    <subfield code="a">(OCoLC-M)3417945</subfield>
  </datafield>
  <datafield tag="035" ind1=" " ind2=" ">
    <subfield code="a">(OCoLC-I)268829524</subfield>
  </datafield>
  <datafield tag="040" ind1=" " ind2=" ">
    <subfield code="d">OrLoB</subfield>
  </datafield>
  <datafield tag="100" ind1="1" ind2=" ">
    <subfield code="a">Puccini, Giacomo,</subfield>
    <subfield code="d">1858-1924.</subfield>
    <subfield code="=">^A1299487</subfield>
  </datafield>
  <datafield tag="240" ind1="1" ind2="0">
    <subfield code="a">Manon Lescaut</subfield>
    <subfield code="=">^A1299487</subfield>
  </datafield>
  <datafield tag="245" ind1="1" ind2="0">
    <subfield code="a">Manon Lescaut.</subfield>
    <subfield code="c">[Lyric drama in four acts]</subfield>
    <subfield code="h">[sound recording]</subfield>
  </datafield>
  <datafield tag="260" ind1=" " ind2=" ">
    <subfield code="a">RCA Victor.</subfield>
    <subfield code="c">[1969]</subfield>
  </datafield>
  <datafield tag="300" ind1=" " ind2=" ">
    <subfield code="a">4s.  12in.  33.3rpm.</subfield>
    <subfield code="b">microgroove.</subfield>
  </datafield>
  <datafield tag="500" ind1=" " ind2=" ">
    <subfield code="a">Licia Albanese, soprano; Jussi Bjoerling, tenor; Robert Merrill, baritone, with supporting soloists; Rome Opera House Orchestra and Chorus; Jonel Perlea, conductor.</subfield>
  </datafield>
  <datafield tag="500" ind1=" " ind2=" ">
    <subfield code="a">&quot;Recorded in the Rome Opera House, July 1954.&quot;</subfield>
  </datafield>
  <datafield tag="500" ind1=" " ind2=" ">
    <subfield code="a">Duration: 1 hr., 55 min., 29 sec.</subfield>
  </datafield>
  <datafield tag="500" ind1=" " ind2=" ">
    <subfield code="a">Synopsis and libretto, with English translation laid in container.</subfield>
  </datafield>
  <datafield tag="596" ind1=" " ind2=" ">
    <subfield code="a">5</subfield>
  </datafield>
  <datafield tag="650" ind1=" " ind2="0">
    <subfield code="a">Operas.</subfield>
    <subfield code="=">^A1045267</subfield>
  </datafield>
  <datafield tag="700" ind1="1" ind2=" ">
    <subfield code="a">Albanese, Licia</subfield>
    <subfield code="4">prf</subfield>
    <subfield code="=">^A379038</subfield>
  </datafield>
  <datafield tag="700" ind1="1" ind2=" ">
    <subfield code="a">Björling, Jussi,</subfield>
    <subfield code="d">1911-1960</subfield>
    <subfield code="4">prf.</subfield>
    <subfield code="=">^A14076</subfield>
  </datafield>
  <datafield tag="700" ind1="1" ind2=" ">
    <subfield code="a">Merrill, Robert,</subfield>
    <subfield code="d">1917-2004</subfield>
    <subfield code="4">prf</subfield>
    <subfield code="=">^A849529</subfield>
  </datafield>
  <datafield tag="700" ind1="1" ind2=" ">
    <subfield code="a">Perlea, Jonel,</subfield>
    <subfield code="d">1900-1970</subfield>
    <subfield code="4">cnd.</subfield>
    <subfield code="=">^A515857</subfield>
  </datafield>
  <datafield tag="710" ind1="2" ind2=" ">
    <subfield code="a">Teatro dell&apos;opera (Rome, Italy)</subfield>
    <subfield code="4">prf</subfield>
    <subfield code="=">^A128877</subfield>
  </datafield>
  <datafield tag="916" ind1=" " ind2=" ">
    <subfield code="a">DATE CATALOGED</subfield>
    <subfield code="b">19921219</subfield>
  </datafield>
  <datafield tag="999" ind1=" " ind2=" ">
    <subfield code="a">UNCLAAA0003</subfield>
    <subfield code="w">ASIS</subfield>
    <subfield code="c">1</subfield>
    <subfield code="i">001AAA0003</subfield>
    <subfield code="d">8/5/1996</subfield>
    <subfield code="l">RECORDINGS</subfield>
    <subfield code="m">ARS</subfield>
    <subfield code="r">Y</subfield>
    <subfield code="s">Y</subfield>
    <subfield code="t">NH-RCORDNG</subfield>
    <subfield code="u">11/5/1974</subfield>
  </datafield>
  <datafield tag="900" ind1=" " ind2=" ">
    <subfield code="5">POD</subfield>
    <subfield code="b">CSt</subfield>
  </datafield>
  <datafield tag="998" ind1=" " ind2=" ">
    <subfield code="5">POD</subfield>
    <subfield code="8">999.0\p</subfield>
    <subfield code="a">UNCLAAA0003</subfield>
    <subfield code="i">001AAA0003</subfield>
    <subfield code="m">ARS</subfield>
  </datafield>
</record>