
<record>
  <leader>01125ccm a2200289   4500</leader>
  <controlfield tag="001">a4</controlfield>
  <controlfield tag="003">SIRSI</controlfield>
  <controlfield tag="005">20211009050004.0</controlfield>
  <controlfield tag="008">741105s1973    gw cta         n  | ger  </controlfield>
  <datafield tag="028" ind1="3" ind2="2">
    <subfield code="a">Breitkopf und Härtels Partiturbibliothek Nr. 4691</subfield>
    <subfield code="b">Breitkopf und Härtel</subfield>
  </datafield>
  <datafield tag="035" ind1=" " ind2=" ">
    <subfield code="a">(OCoLC-M)84446006</subfield>
  </datafield>
  <datafield tag="035" ind1=" " ind2=" ">
    <subfield code="a">(OCoLC-I)268842353</subfield>
  </datafield>
  <datafield tag="040" ind1=" " ind2=" ">
    <subfield code="d">OrLoB</subfield>
    <subfield code="d">CSt</subfield>
  </datafield>
  <datafield tag="100" ind1="1" ind2=" ">
    <subfield code="a">Bach, Johann Sebastian,</subfield>
    <subfield code="d">1685-1750.</subfield>
    <subfield code="=">^A368392</subfield>
  </datafield>
  <datafield tag="240" ind1="1" ind2="0">
    <subfield code="a">Gloria in excelsis Deo (Cantata)</subfield>
    <subfield code="=">^A368392</subfield>
  </datafield>
  <datafield tag="245" ind1=" " ind2="0">
    <subfield code="a">Kantate Nr. 191</subfield>
    <subfield code="c">[am ersten Weihnachtstag] Gloria in excelsis Deo (BWV 191)  Urtextausg.</subfield>
  </datafield>
  <datafield tag="260" ind1=" " ind2=" ">
    <subfield code="a">Wiesbaden,</subfield>
    <subfield code="b">Breitkopf &amp; Härtel</subfield>
    <subfield code="c">[1973]</subfield>
  </datafield>
  <datafield tag="300" ind1=" " ind2=" ">
    <subfield code="a">score (62 p.)</subfield>
    <subfield code="c">31cm.</subfield>
  </datafield>
  <datafield tag="500" ind1=" " ind2=" ">
    <subfield code="a">Caption title.</subfield>
  </datafield>
  <datafield tag="596" ind1=" " ind2=" ">
    <subfield code="a">31</subfield>
  </datafield>
  <datafield tag="650" ind1=" " ind2="0">
    <subfield code="a">Cantatas, Sacred</subfield>
    <subfield code="v">Scores.</subfield>
    <subfield code="=">^A2095993</subfield>
  </datafield>
  <datafield tag="650" ind1=" " ind2="0">
    <subfield code="a">Christmas music.</subfield>
    <subfield code="=">^A1004175</subfield>
  </datafield>
  <datafield tag="650" ind1=" " ind2="0">
    <subfield code="a">Gloria in excelsis Deo (Music)</subfield>
    <subfield code="=">^A1022109</subfield>
  </datafield>
  <datafield tag="916" ind1=" " ind2=" ">
    <subfield code="a">DATE CATALOGED</subfield>
    <subfield code="b">19920630</subfield>
  </datafield>
  <datafield tag="999" ind1=" " ind2=" ">
    <subfield code="a">M2020 .B11 G5 1973</subfield>
    <subfield code="w">LC</subfield>
    <subfield code="c">1</subfield>
    <subfield code="i">36105041840013</subfield>
    <subfield code="d">12/17/2013</subfield>
    <subfield code="e">10/10/2013</subfield>
    <subfield code="l">STACKS</subfield>
    <subfield code="m">SAL3</subfield>
    <subfield code="n">3</subfield>
    <subfield code="q">6</subfield>
    <subfield code="r">Y</subfield>
    <subfield code="s">Y</subfield>
    <subfield code="t">SCORE</subfield>
    <subfield code="u">11/5/1974</subfield>
    <subfield code="z">DIGI-SCAN</subfield>
  </datafield>
  <datafield tag="900" ind1=" " ind2=" ">
    <subfield code="5">POD</subfield>
    <subfield code="b">CSt</subfield>
  </datafield>
  <datafield tag="998" ind1=" " ind2=" ">
    <subfield code="5">POD</subfield>
    <subfield code="8">999.0\p</subfield>
    <subfield code="a">M2020 .B11 G5 1973</subfield>
    <subfield code="i">36105041840013</subfield>
    <subfield code="m">SAL3</subfield>
  </datafield>
</record>