
<record>
  <leader>00784ccm a2200241   4500</leader>
  <controlfield tag="001">a7</controlfield>
  <controlfield tag="003">SIRSI</controlfield>
  <controlfield tag="005">20211009050004.0</controlfield>
  <controlfield tag="008">741105s1973    it vrz            | ita  </controlfield>
  <datafield tag="010" ind1=" " ind2=" ">
    <subfield code="a">   74227179</subfield>
  </datafield>
  <datafield tag="035" ind1=" " ind2=" ">
    <subfield code="a">(OCoLC-M)1614612</subfield>
  </datafield>
  <datafield tag="035" ind1=" " ind2=" ">
    <subfield code="a">(OCoLC-I)268880900</subfield>
  </datafield>
  <datafield tag="040" ind1=" " ind2=" ">
    <subfield code="d">OrLoB</subfield>
  </datafield>
  <datafield tag="100" ind1="1" ind2=" ">
    <subfield code="a">Vlad, Roman,</subfield>
    <subfield code="d">1919-2013</subfield>
    <subfield code="=">^A441404</subfield>
  </datafield>
  <datafield tag="245" ind1="1" ind2="0">
    <subfield code="a">Sognando il sogno;</subfield>
    <subfield code="b">variazioni su di una variazione per pianoforte.</subfield>
  </datafield>
  <datafield tag="260" ind1=" " ind2=" ">
    <subfield code="a">[Milano]</subfield>
    <subfield code="b">Ricordi</subfield>
    <subfield code="c">[c1973]</subfield>
  </datafield>
  <datafield tag="300" ind1=" " ind2=" ">
    <subfield code="a">22 p.</subfield>
    <subfield code="c">32cm.</subfield>
  </datafield>
  <datafield tag="596" ind1=" " ind2=" ">
    <subfield code="a">31</subfield>
  </datafield>
  <datafield tag="650" ind1=" " ind2="0">
    <subfield code="a">Variations (Piano)</subfield>
    <subfield code="=">^A1072635</subfield>
  </datafield>
  <datafield tag="916" ind1=" " ind2=" ">
    <subfield code="a">DATE CATALOGED</subfield>
    <subfield code="b">19901127</subfield>
  </datafield>
  <datafield tag="999" ind1=" " ind2=" ">
    <subfield code="a">M27 .V865 S6</subfield>
    <subfield code="w">LC</subfield>
    <subfield code="c">1</subfield>
    <subfield code="i">36105041840047</subfield>
    <subfield code="d">9/21/2010</subfield>
    <subfield code="e">9/10/2010</subfield>
    <subfield code="l">STACKS</subfield>
    <subfield code="m">SAL3</subfield>
    <subfield code="r">Y</subfield>
    <subfield code="s">Y</subfield>
    <subfield code="t">SCORE</subfield>
    <subfield code="u">11/5/1974</subfield>
    <subfield code="z">DIGI-SCAN</subfield>
  </datafield>
  <datafield tag="900" ind1=" " ind2=" ">
    <subfield code="5">POD</subfield>
    <subfield code="b">CSt</subfield>
  </datafield>
  <datafield tag="998" ind1=" " ind2=" ">
    <subfield code="5">POD</subfield>
    <subfield code="8">999.0\p</subfield>
    <subfield code="a">M27 .V865 S6</subfield>
    <subfield code="i">36105041840047</subfield>
    <subfield code="m">SAL3</subfield>
  </datafield>
</record>