
<record>
  <leader>00874ccm a2200253   4500</leader>
  <controlfield tag="001">a8</controlfield>
  <controlfield tag="003">SIRSI</controlfield>
  <controlfield tag="005">20211009050004.0</controlfield>
  <controlfield tag="008">741105s1962    fr            ||| | fre  </controlfield>
  <datafield tag="035" ind1=" " ind2=" ">
    <subfield code="a">(OCoLC-M)78620694</subfield>
  </datafield>
  <datafield tag="035" ind1=" " ind2=" ">
    <subfield code="a">(OCoLC-I)268894011</subfield>
  </datafield>
  <datafield tag="040" ind1=" " ind2=" ">
    <subfield code="d">CSt</subfield>
    <subfield code="d">OrLoB</subfield>
  </datafield>
  <datafield tag="100" ind1="1" ind2=" ">
    <subfield code="a">Takemitsu, Tōru.</subfield>
    <subfield code="=">^A431123</subfield>
  </datafield>
  <datafield tag="240" ind1="1" ind2="0">
    <subfield code="a">Saegirarenai kyūsoku</subfield>
    <subfield code="=">^A431123</subfield>
  </datafield>
  <datafield tag="245" ind1="1" ind2="0">
    <subfield code="a">Pause ininterrompue</subfield>
    <subfield code="b">(Uninterrupted rests) pour piano [d&apos;apres un poeme de Shuzo Takiguchi]</subfield>
  </datafield>
  <datafield tag="260" ind1=" " ind2=" ">
    <subfield code="a">Paris, New York, Salabert</subfield>
    <subfield code="c">[c1962]</subfield>
  </datafield>
  <datafield tag="300" ind1=" " ind2=" ">
    <subfield code="a">5 p.</subfield>
    <subfield code="c">32cm.</subfield>
  </datafield>
  <datafield tag="596" ind1=" " ind2=" ">
    <subfield code="a">18</subfield>
  </datafield>
  <datafield tag="650" ind1=" " ind2="0">
    <subfield code="a">Piano music.</subfield>
    <subfield code="=">^A1049172</subfield>
  </datafield>
  <datafield tag="740" ind1="0" ind2=" ">
    <subfield code="a">Uninterrupted rests.</subfield>
  </datafield>
  <datafield tag="916" ind1=" " ind2=" ">
    <subfield code="a">DATE CATALOGED</subfield>
    <subfield code="b">19950531</subfield>
  </datafield>
  <datafield tag="999" ind1=" " ind2=" ">
    <subfield code="a">M25 .T137 P3</subfield>
    <subfield code="w">LC</subfield>
    <subfield code="c">1</subfield>
    <subfield code="i">36105041840054</subfield>
    <subfield code="d">11/3/2011</subfield>
    <subfield code="e">10/6/2011</subfield>
    <subfield code="l">SCORES</subfield>
    <subfield code="m">MUSIC</subfield>
    <subfield code="n">3</subfield>
    <subfield code="q">2</subfield>
    <subfield code="r">Y</subfield>
    <subfield code="s">Y</subfield>
    <subfield code="t">SCORE</subfield>
    <subfield code="u">11/5/1974</subfield>
    <subfield code="z">DIGI-SCAN</subfield>
  </datafield>
  <datafield tag="900" ind1=" " ind2=" ">
    <subfield code="5">POD</subfield>
    <subfield code="b">CSt</subfield>
  </datafield>
  <datafield tag="998" ind1=" " ind2=" ">
    <subfield code="5">POD</subfield>
    <subfield code="8">999.0\p</subfield>
    <subfield code="a">M25 .T137 P3</subfield>
    <subfield code="i">36105041840054</subfield>
    <subfield code="m">MUSIC</subfield>
  </datafield>
</record>