
<record>
  <leader>00888ncm a2200265   4500</leader>
  <controlfield tag="001">a9</controlfield>
  <controlfield tag="003">SIRSI</controlfield>
  <controlfield tag="005">20211009050004.0</controlfield>
  <controlfield tag="008">741105s1973    hu zzz        |n  | eng d</controlfield>
  <datafield tag="035" ind1=" " ind2=" ">
    <subfield code="a">(CSt)notisAAA0009</subfield>
  </datafield>
  <datafield tag="035" ind1=" " ind2=" ">
    <subfield code="a">(OCoLC-M)8924081</subfield>
  </datafield>
  <datafield tag="035" ind1=" " ind2=" ">
    <subfield code="a">(OCoLC-I)268906725</subfield>
  </datafield>
  <datafield tag="040" ind1=" " ind2=" ">
    <subfield code="d">CSt</subfield>
    <subfield code="d">OrLoB</subfield>
  </datafield>
  <datafield tag="100" ind1="1" ind2=" ">
    <subfield code="a">Soproni, József.</subfield>
    <subfield code="?">UNAUTHORIZED</subfield>
  </datafield>
  <datafield tag="240" ind1="1" ind2="0">
    <subfield code="a">Kis négykezes</subfield>
    <subfield code="?">UNAUTHORIZED</subfield>
  </datafield>
  <datafield tag="245" ind1="1" ind2="0">
    <subfield code="a">Öt kis négykezes;</subfield>
    <subfield code="b">zongoradarab. Five small pieces; for piano duet.</subfield>
  </datafield>
  <datafield tag="260" ind1=" " ind2=" ">
    <subfield code="a">Budapest,</subfield>
    <subfield code="b">Editio Musica</subfield>
    <subfield code="c">[c1973]</subfield>
  </datafield>
  <datafield tag="300" ind1=" " ind2=" ">
    <subfield code="a">11 p.</subfield>
    <subfield code="c">23x31cm.</subfield>
  </datafield>
  <datafield tag="596" ind1=" " ind2=" ">
    <subfield code="a">31</subfield>
  </datafield>
  <datafield tag="650" ind1=" " ind2="0">
    <subfield code="a">Piano music (4 hands)</subfield>
    <subfield code="=">^A1049184</subfield>
  </datafield>
  <datafield tag="740" ind1="0" ind2=" ">
    <subfield code="a">Small pieces.</subfield>
  </datafield>
  <datafield tag="916" ind1=" " ind2=" ">
    <subfield code="a">DATE CATALOGED</subfield>
    <subfield code="b">19960506</subfield>
  </datafield>
  <datafield tag="999" ind1=" " ind2=" ">
    <subfield code="a">M204 .S712 S6</subfield>
    <subfield code="w">LC</subfield>
    <subfield code="c">1</subfield>
    <subfield code="i">36105041840062</subfield>
    <subfield code="d">9/22/2010</subfield>
    <subfield code="e">9/14/2010</subfield>
    <subfield code="l">STACKS</subfield>
    <subfield code="m">SAL3</subfield>
    <subfield code="q">1</subfield>
    <subfield code="r">Y</subfield>
    <subfield code="s">Y</subfield>
    <subfield code="t">SCORE</subfield>
    <subfield code="u">11/5/1974</subfield>
    <subfield code="z">DIGI-SENT</subfield>
  </datafield>
  <datafield tag="900" ind1=" " ind2=" ">
    <subfield code="5">POD</subfield>
    <subfield code="b">CSt</subfield>
  </datafield>
  <datafield tag="998" ind1=" " ind2=" ">
    <subfield code="5">POD</subfield>
    <subfield code="8">999.0\p</subfield>
    <subfield code="a">M204 .S712 S6</subfield>
    <subfield code="i">36105041840062</subfield>
    <subfield code="m">SAL3</subfield>
  </datafield>
</record>