
<record>
  <leader>00962ccm a2200289   4500</leader>
  <controlfield tag="001">a10</controlfield>
  <controlfield tag="003">SIRSI</controlfield>
  <controlfield tag="005">20211009050004.0</controlfield>
  <controlfield tag="008">741105s1973    it            ||| | ita  </controlfield>
  <datafield tag="035" ind1=" " ind2=" ">
    <subfield code="a">(OCoLC-M)22015783</subfield>
  </datafield>
  <datafield tag="035" ind1=" " ind2=" ">
    <subfield code="a">(OCoLC-I)268803711</subfield>
  </datafield>
  <datafield tag="040" ind1=" " ind2=" ">
    <subfield code="d">CSt</subfield>
    <subfield code="d">OrLoB</subfield>
  </datafield>
  <datafield tag="100" ind1="1" ind2=" ">
    <subfield code="a">Novák, Jan,</subfield>
    <subfield code="d">1921-1984</subfield>
    <subfield code="?">UNAUTHORIZED</subfield>
  </datafield>
  <datafield tag="240" ind1="1" ind2="0">
    <subfield code="a">Panisci fistula</subfield>
    <subfield code="?">UNAUTHORIZED</subfield>
  </datafield>
  <datafield tag="245" ind1="1" ind2="0">
    <subfield code="a">Panisci fistula;</subfield>
    <subfield code="b">tre preludi per tre flauti.</subfield>
  </datafield>
  <datafield tag="260" ind1=" " ind2=" ">
    <subfield code="a">Padova, G.Zanibon,</subfield>
    <subfield code="c">c1973.</subfield>
  </datafield>
  <datafield tag="300" ind1=" " ind2=" ">
    <subfield code="a">score (7 p.)</subfield>
    <subfield code="c">33cm.</subfield>
  </datafield>
  <datafield tag="490" ind1="1" ind2=" ">
    <subfield code="a">Il bucranio</subfield>
  </datafield>
  <datafield tag="500" ind1=" " ind2=" ">
    <subfield code="a">Caption title.</subfield>
  </datafield>
  <datafield tag="500" ind1=" " ind2=" ">
    <subfield code="a">Duration: 4 min., 30 sec.</subfield>
  </datafield>
  <datafield tag="596" ind1=" " ind2=" ">
    <subfield code="a">31</subfield>
  </datafield>
  <datafield tag="650" ind1=" " ind2="0">
    <subfield code="a">Woodwind trios (Flutes (3))</subfield>
    <subfield code="x">Scores.</subfield>
    <subfield code="=">^A1076023</subfield>
  </datafield>
  <datafield tag="830" ind1=" " ind2="0">
    <subfield code="a">Bucranio.</subfield>
    <subfield code="=">^A1120435</subfield>
  </datafield>
  <datafield tag="916" ind1=" " ind2=" ">
    <subfield code="a">DATE CATALOGED</subfield>
    <subfield code="b">19950817</subfield>
  </datafield>
  <datafield tag="999" ind1=" " ind2=" ">
    <subfield code="a">M357.2 .N935 P19</subfield>
    <subfield code="w">LC</subfield>
    <subfield code="c">1</subfield>
    <subfield code="i">36105041840070</subfield>
    <subfield code="d">8/30/2010</subfield>
    <subfield code="e">8/20/2010</subfield>
    <subfield code="l">STACKS</subfield>
    <subfield code="m">SAL3</subfield>
    <subfield code="r">Y</subfield>
    <subfield code="s">Y</subfield>
    <subfield code="t">SCORE</subfield>
    <subfield code="u">11/5/1974</subfield>
    <subfield code="z">DIGI-SCAN</subfield>
  </datafield>
  <datafield tag="900" ind1=" " ind2=" ">
    <subfield code="5">POD</subfield>
    <subfield code="b">CSt</subfield>
  </datafield>
  <datafield tag="998" ind1=" " ind2=" ">
    <subfield code="5">POD</subfield>
    <subfield code="8">999.0\p</subfield>
    <subfield code="a">M357.2 .N935 P19</subfield>
    <subfield code="i">36105041840070</subfield>
    <subfield code="m">SAL3</subfield>
  </datafield>
</record>
</collection>
